<?xml version="1.0" encoding="UTF-8"?><collection xmlns="http://www.loc.gov/MARC21/slim"><record><leader>00355nam--2200145-i-4500</leader><controlfield tag="001">000007817</controlfield><controlfield tag="002">20161230</controlfield><controlfield tag="005">20161230201027</controlfield><controlfield tag="008">060222s1000------------r-----000-0-eng-d</controlfield><datafield ind1=" " ind2=" " tag="080"><subfield code="a">535.376</subfield></datafield><datafield ind1=" " ind2=" " tag="100"><subfield code="a">Ardalan, Abdul-hamid</subfield></datafield><datafield ind1=" " ind2=" " tag="245"><subfield code="a">Electroluminescence</subfield></datafield><datafield ind1=" " ind2=" " tag="260"><subfield code="a">France, Commissariat A L Energie Atomique, 1966 27 P</subfield></datafield><datafield ind1=" " ind2=" " tag="490"><subfield code="a">71</subfield></datafield><datafield ind1=" " ind2=" " tag="852"><subfield code="a">1021</subfield></datafield></record></collection>